@book{carlisle_2007, place={Los Angeles}, title={Elegant complexity: a study of David Foster Wallaces Infinite jest}, publisher={Sideshow Media Group}, author={Carlisle, Greg}, year={2007}}

@ARTICLE{spacy2,
   AUTHOR  = {Honnibal, Matthew AND Montani, Ines},
   TITLE   = {spaCy 2: Natural language understanding with Bloom embeddings, convolutional neural networks and incremental parsing},
   YEAR    = {2017},
   JOURNAL = {To appear}
}