@book{carlisle_2007, place={Los Angeles}, title={Elegant complexity: a study of David Foster Wallaces Infinite jest}, publisher={Sideshow Media Group}, author={Carlisle, Greg}, year={2007}}

@book{NewmanBook,
  author = {Newman, M. E. J.},
  title = {Networks: An Introduction},
  year = {2010},
  isbn = {978-0-19-920665-0}
}

@ARTICLE{spacy2,
   AUTHOR  = {Honnibal, Matthew AND Montani, Ines},
   TITLE   = {spaCy 2: Natural language understanding with Bloom embeddings, convolutional neural networks and incremental parsing},
   YEAR    = {2017},
   JOURNAL = {To appear}
}

@article{GOT,
  author = {Beveridge, Andrew and Shan, Jie},
  title = {Network of Thrones},
  journal = {Match Horizons},
  url = {https://www.maa.org/sites/default/files/pdf/Mathhorizons/NetworkofThrones%20%281%29.pdf},
  year = {2016}
}

@article{ribeiro2016complex,
  title={The complex social network of The Lord of Rings},
  author={Ribeiro, Mauricio Aparecido and Vosgerau, Roberto Antonio and Andruchiw, Maria Larissa Pereira and Pinto, Sandro Ely de Souza},
  journal={Revista Brasileira de Ensino de F{\'\i}sica},
  volume={38},
  number={1},
  year={2016},
  publisher={SciELO Brasil}
}

@article{Bonato2016,
  author    = {Bonato, Anthony and
               D'Angelo, David Ryan and
               Elenberg, Ethan R.and
               Gleich, David F. and
               Hou, Yangyang},
  title     = {Mining and modeling character networks},
  journal   = {CoRR},
  volume    = {abs/1608.00646},
  year      = {2016},
  url       = {http://arxiv.org/abs/1608.00646},
  archivePrefix = {arXiv},
  eprint    = {1608.00646},
  timestamp = {Mon, 13 Aug 2018 16:48:19 +0200},
  biburl    = {https://dblp.org/rec/bib/journals/corr/BonatoDEGH16},
  bibsource = {dblp computer science bibliography, https://dblp.org}
}

@article{Reagan2016,
  author    = {Andrew J. Reagan and
               Lewis Mitchell and
               Dilan Kiley and
               Christopher M. Danforth and
               Peter Sheridan Dodds},
  title     = {The emotional arcs of stories are dominated by six basic shapes},
  journal   = {CoRR},
  volume    = {abs/1606.07772},
  year      = {2016},
  url       = {http://arxiv.org/abs/1606.07772},
  archivePrefix = {arXiv},
  eprint    = {1606.07772},
  timestamp = {Mon, 13 Aug 2018 16:47:53 +0200},
  biburl    = {https://dblp.org/rec/bib/journals/corr/ReaganMKDD16},
  bibsource = {dblp computer science bibliography, https://dblp.org}
}

@inproceedings{sack2013character,
  title={Character Networks for Narrative Generation: Structural Balance Theory and the Emergence of Proto-Narratives.},
  author={Sack, Graham Alexander}
}

@ARTICLE{2002marvel,
       author = {{Alberich}, R. and {Miro-Julia}, J. and {Rossello}, F.},
        title = "{Marvel Universe looks almost like a real social network}",
      journal = {arXiv e-prints},
     keywords = {Disordered Systems and Neural Networks, Statistical Mechanics},
         year = 2002,
        month = Feb,
          eid = {cond-mat/0202174},
        pages = {cond-mat/0202174},
archivePrefix = {arXiv},
       eprint = {cond-mat/0202174},
 primaryClass = {cond-mat.dis-nn},
       adsurl = {https://ui.adsabs.harvard.edu/\#abs/2002cond.mat..2174A},
      adsnote = {Provided by the SAO/NASA Astrophysics Data System}
}
